% use BibItNow to create bib entries

%%%%%%%%%%%%%%%%%%%%%%%%%%%%%%%%%%%%%%%%%%%%%%%%%%%%%%
% All other sources
%%%%%%%%%%%%%%%%%%%%%%%%%%%%%%%%%%%%%%%%%%%%%%%%%%%%%%
@book{crafting_interpreters,
    title={Crafting Interpreters},
    author={Robert Nystrom},
    url={https://craftinginterpreters.com/contents.html},
    year={2021}
}
@book{c99_std,  
    title={C99 ISO/IEC 9899:1999},
    year={2007}
}
@book{c23_std,
    title={C23 ISO/IEC 9899:2023},
    year={2023}
}
@book{engineering_a_compiler,
    title={Engineering a Compiler},
    author={Keith D. Cooper, Linda Torczon},
    year={2012}
}
@book{parsing_techniques,
    title={Parsing Techniques A Practical Guide Second Edition},
    author={Dick Grune, Ceriel J.H. Jacobs},
    year={2008}
}
@book{ptc_vI,
    title={The Theory of Parsing, Translation, and Compiling (Volume I: Parsing)},
    author={Alfred V. Aho, Jeffrey D. Ullman},
    year={1972}
}
@book{ptc_vII,
    title={The Theory of Parsing, Translation, and Compiling (Volume II: Compiling)},
    author={Alfred V. Aho, Jeffrey D. Ullman},
    year={1972}
}
@book{hmu,
    title={Introduction to Automata Theory, Languages, And Computation},
    edition={2nd},
    author={John E. Hopcroft, Rajeev Motwani, Jeffrey D. Ullman},
    year={2001}
}
@book{sicp,
    title={Structure and Interpretation of Computer  Programs},
    edition={2nd},
    author={Harold Abelson, Gerald Jay Sussman, Julie Sussman},
    year={1996}
}
@book{dragon_book,
    title={Compilers: Principles, Techniques, and Tools},
    edition={2nd},
    author={Ravi Sethi, Alfred Vaino Aho, Jeffrey David Ullman},
    year={1986}
}

@article{peg_paper,
    title={Parsing Expression Grammars: A Recognition-Based Syntactic Foundation},
    author={Bryan Ford}
}
@article{monparsing_paper,
    title={Monadic Parser Combinators},
    author={Graham Hutton, Erik Meijer},
    year={1996}
}
@article{ml_syntax_transformation_paper,
    title={Lightweight Multi-Language Syntax Transformation with Parser Parser Combinators},
    author={Rijnard van Tonder, Claire Le Goues},
    year={2019}
}

@article{tdop_pratt_paper,
    title={Top Down Operator Precedence},
    author={Vaughan R. Pratt},
    year={1973},
    url={https://tdop.github.io}
}
@article{nystrom_pratt_parsers,
    title={Pratt Parsers: Expression Parsing Made Easy},
    author={Robert Nystrom},
    year={2011},
    url={https://journal.stuffwithstuff.com/2011/03/19/pratt-parsers-expression-parsing-made-easy/}
}
@article{matklad_pratt_parsers,
    title={Simple but Powerful Pratt Parsing},
    author={matklad},
    year={2020},
    url={https://matklad.github.io/2020/04/13/simple-but-powerful-pratt-parsing.html}
}
@misc{pest_op_pratt,
    title={pest book: Pratt parser},
    url={https://pest.rs/book/precedence.html}
}
@misc{cppref_op_prec,
    title={C Operator Precedence},
    url={https://en.cppreference.com/w/c/language/operator_precedence}
}

@article{eli_c_cs,
  title = {The context sensitivity of C's grammar},
  author={Eli Bendersky},
  year = {2007},
  url = {https://eli.thegreenplace.net/2007/11/24/the-context-sensitivity-of-cs-grammar}
}


@misc{pest-book,
  title = {pest book},
  url = {https://pest.rs/book/}
}
@misc{pest-ref,
  title = {pest docs},
  url = {https://docs.rs/pest/latest/pest}
}

@misc{odin-parser,
  title = {Odin parser},
  url = {https://github.com/odin-lang/Odin/tree/master/core/odin}
}

@misc{rust-ast,
  title = {rust ast},
  url = {https://doc.rust-lang.org/beta/nightly-rustc/rustc_ast/index.html}
}
@misc{rustc-syntax,
  title = {rustc syntax and ast reference},
  url = {https://rustc-dev-guide.rust-lang.org/syntax-intro.html}
}
@misc{rust-macro-rules,
  title = {rust macro\_rules},
  url = {https://doc.rust-lang.org/reference/macros-by-example.html}
}
@misc{rust-proc-macro,
  title = {rust procedural macros},
  url = {https://doc.rust-lang.org/reference/procedural-macros.html}
}
@misc{rust-quote,
  title = {rust quote crate},
  url = {https://docs.rs/quote/latest/quote/}
}
@misc{rust-syn,
  title = {rust syn crate},
  url = {https://docs.rs/syn/latest/syn/}
}

@misc{go-gen,
  title = {go generate},
  url = {https://go.dev/blog/generate}
}
@misc{go-ast,
  title = {go ast},
  url = {https://pkg.go.dev/go/ast}
}
@article{go-tool-guide,
  title = {The ultimate guide to writing a Go tool},
  author = {Fatih Arslan},
  year = {2017},
  url = {https://arslan.io/2017/09/14/the-ultimate-guide-to-writing-a-go-tool/}
}

@misc{python-ast,
  title = {python ast},
  url = {https://docs.python.org/3/library/ast.html}
}
@misc{julia-ast,
  title = {julia ast, ir examples},
  url = {https://docs.julialang.org/en/v1/devdocs/ast/}
}
@misc{zig-ast,
  title = {zig ast},
  url = {https://github.com/ziglang/zig/blob/master/lib/std/zig/Ast.zig}
}
@misc{clang-ast,
  title = {clang ast},
  url = {https://clang.llvm.org/docs/IntroductionToTheClangAST.html}
}

@misc{clisp-macros,
  title = {common lisp macros},
  url = {https://lispcookbook.github.io/cl-cookbook/macros.html}
}

@misc{compiler_course,
  title = {Compiler course},
  url = {https://www.youtube.com/playlist?list=PLOech0kWpH8-njQpmSNGSiQBPUvl8v3IM}
}


@misc{wiki-tr-unit,
  title = {Translation Unit},
  url = {https://ru.wikipedia.org/wiki/%D0%95%D0%B4%D0%B8%D0%BD%D0%B8%D1%86%D0%B0_%D1%82%D1%80%D0%B0%D0%BD%D1%81%D0%BB%D1%8F%D1%86%D0%B8%D0%B8}
}
@misc{stb_libs,
  title = {stb},
  url = {https://github.com/nothings/stb}
}

